@book{mitchell_machine_learning_book,
  title={Machine Learning},
  author={Mitchell, Tom},
  publisher={McGraw-Hill Science/Engineering/Math},
  year={1997},
}

@book{goodfellow_book,
    title={Deep Learning},
    author={Ian Goodfellow and Yoshua Bengio and Aaron Courville},
    publisher={MIT Press},
    note={\url{http://www.deeplearningbook.org}},
    year={2016}
}

@book{mit_book,
    author={Kelleher, John D.},
    title={Deep Learning},
    publisher={The MIT Press},
    year={2019},
}
